<record><leader>00000cas a2200000 a 4500</leader><controlfield tag="001">10863996</controlfield><controlfield tag="008">840620d19061906ksuwr ne      0   a0eng d</controlfield><datafield ind1=" " ind2=" " tag="010"><subfield code="a">sn 84029362 </subfield></datafield><datafield ind1=" " ind2=" " tag="040"><subfield code="a">KSH</subfield><subfield code="b">eng</subfield><subfield code="c">KSH</subfield><subfield code="d">NPT</subfield><subfield code="d">OCL</subfield><subfield code="d">OCLCQ</subfield></datafield><datafield ind1=" " ind2=" " tag="042"><subfield code="a">msc</subfield></datafield><datafield ind1="0" ind2="4" tag="245"><subfield code="a">The Decatur County socialist.</subfield></datafield><datafield ind1=" " ind2=" " tag="260"><subfield code="a">Oberlin, Kan. :</subfield><subfield code="b">Socialist Campaign Com.,</subfield><subfield code="c">1906.</subfield></datafield><datafield ind1=" " ind2=" " tag="300"><subfield code="a">v. ;</subfield><subfield code="c">39 cm.</subfield></datafield><datafield ind1=" " ind2=" " tag="310"><subfield code="a">Weekly</subfield></datafield><datafield ind1="0" ind2=" " tag="362"><subfield code="a">-v. 1, no. 4 (Nov. 2, 1906).</subfield></datafield><datafield ind1="1" ind2=" " tag="362"><subfield code="a">Began in 1906?</subfield></datafield><datafield ind1=" " ind2=" " tag="588"><subfield code="a">Description based on: Vol. 1, no. 2 (Oct. 19, 1906).</subfield></datafield><datafield ind1=" " ind2=" " tag="752"><subfield code="a">United States</subfield><subfield code="b">Kansas</subfield><subfield code="c">Decatur</subfield><subfield code="d">Oberlin.</subfield></datafield></record>